
@ARTICLE{Bergner13,
author={S. {Bergner} and M. {Sedlmair} and T. {Moller} and S. N. {Abdolyousefi} and A. {Saad}},
journal={IEEE Transactions on Visualization and Computer Graphics},
title={ParaGlide: Interactive Parameter Space Partitioning for Computer Simulations},
year={2013},
volume={19},
number={9},
pages={1499-1512},
keywords={data visualisation;interactive systems;sampling methods;sensitivity;user interfaces;interactive parameter space partitioning;computer simulations;ParaGlide system;visualization system;multidimensional simulation models;parameter configuration;state-of-the-art tools;workload-intensive task;region-based user interface;parameter sampling;model input parameter space;high-dimensional model outputs;parameter sensitivity;domain experts;design requirements;user-centered design process;longitudinal in-depth case studies;Computational modeling;Biological system modeling;Data models;Analytical models;Image segmentation;Mathematical model;Animals;Computer simulation;parameter space partitioning;region-based experimental design;similarity-based embedding;interactive visual analysis;Brain;Cluster Analysis;Computer Graphics;Computer Simulation;Diagnostic Imaging;Humans;Image Processing, Computer-Assisted;Models, Theoretical;Reproducibility of Results;Software;User-Computer Interface},
doi={10.1109/TVCG.2013.61},
ISSN={2160-9306},
month={Sep.},}

@Article{Chazal11,
author="Chazal, Fr{\'e}d{\'e}ric
and Guibas, Leonidas J.
and Oudot, Steve Y.
and Skraba, Primoz",
title="Scalar Field Analysis over Point Cloud Data",
journal="Discrete {\&} Computational Geometry",
year="2011",
month="May",
day="17",
volume="46",
number="4",
pages="743",
issn="1432-0444",
doi="10.1007/s00454-011-9360-x",
url="https://doi.org/10.1007/s00454-011-9360-x"
}

@article{Cleveland88,
author = { William S.   Cleveland  and  Susan J.   Devlin },
title = {Locally Weighted Regression: An Approach to Regression Analysis by Local Fitting},
journal = {Journal of the American Statistical Association},
volume = {83},
number = {403},
pages = {596-610},
year  = {1988},
publisher = {Taylor & Francis},
doi = {10.1080/01621459.1988.10478639},

URL = { https://www.tandfonline.com/doi/abs/10.1080/01621459.1988.10478639
},
eprint = {        https://www.tandfonline.com/doi/pdf/10.1080/01621459.1988.10478639
}
}
@Article{Cohen-Steiner07,
author="Cohen-Steiner, David
and Edelsbrunner, Herbert
and Harer, John",
title="Stability of Persistence Diagrams",
journal="Discrete {\&} Computational Geometry",
year="2007",
month="Jan",
day="01",
volume="37",
number="1",
pages="103--120",
issn="1432-0444",
doi="10.1007/s00454-006-1276-5",
url="https://doi.org/10.1007/s00454-006-1276-5"
}

@article{Edelsbrunner03,
author = {Edelsbrunner, Herbert and Harer, John and Zomorodian,},
year = {2003},
month = {07},
pages = {87-107},
title = {Hierarchical MorseâSmale Complexes for Piecewise Linear 2-Manifolds},
volume = {30},
journal = {Discrete and Computational Geometry},
doi = {10.1007/s00454-003-2926-5}
}

@ARTICLE{Gerber10,
author={S. {Gerber} and P. {Bremer} and V. {Pascucci} and R. {Whitaker}},
journal={IEEE Transactions on Visualization and Computer Graphics},
title={Visual Exploration of High Dimensional Scalar Functions},
year={2010},
volume={16},
number={6},
pages={1271-1280},
keywords={computational geometry;curve fitting;data visualisation;image processing;scientific information systems;topology;visual exploration;high dimensional scalar function;scientific data analysis;system behavior;energy landscape;optimization problem;image data analysis;biological parameter;medical parameter;data set visualization;topological technique;geometric technique;interactive visualization;parameter space segmentation;Morse-Smale complex;geometric representation;dimension reduction;geometric property;regression curve;climate simulation;global energy flux;chemical species;UCI;machine learning repository;Crystals;Manifolds;Approximation methods;Data visualization;Kernel;Geometry;Concrete;Morse theory;High-dimensional visualization;Morse-Smale complex;Brain;Computer Graphics;Computer Simulation;Data Display;Data Interpretation, Statistical;Humans;Magnetic Resonance Imaging},
doi={10.1109/TVCG.2010.213},
ISSN={2160-9306},
month={Nov},}

@ARTICLE{He2020,
author={W. {He} and J. {Wang} and H. {Guo} and K. {Wang} and H. {Shen} and M. {Raj} and Y. S. G. {Nashed} and T. {Peterka}},
journal={IEEE Transactions on Visualization and Computer Graphics},
title={InSituNet: Deep Image Synthesis for Parameter Space Exploration of Ensemble Simulations},
year={2020},
volume={26},
number={1},
pages={23-33},
keywords={Data visualization;Data models;Visualization;Analytical models;Space exploration;Deep learning;Image synthesis;In situ visualization;ensemble visualization;parameter space exploration;deep learning;image synthesis},
doi={10.1109/TVCG.2019.2934312},
ISSN={2160-9306},
month={Jan},}

@ARTICLE{Matkovic14,
author={K. {Matković} and D. {Gračanin} and R. {Splechtna} and M. {Jelović} and B. {Stehno} and H. {Hauser} and W. {Purgathofer}},
journal={IEEE Transactions on Visualization and Computer Graphics},
title={Visual Analytics for Complex Engineering Systems: Hybrid Visual Steering of Simulation Ensembles},
year={2014},
volume={20},
number={12},
pages={1803-1812},
keywords={data analysis;data visualisation;design of experiments;optimisation;parameter space methods;steering systems;visual analytics;complex engineering systems;hybrid visual steering;control parameters;large parameter spaces;prohibitively large simulation;interactive steering;coupling simulation;visualization;automatic optimization;interactive analysis;automotive industry;hydraulic circuit;high pressure common rail Diesel injection system;Computational modeling;Optimization;Data models;Visualization;Simulation;Analytical models;Interactive Visual Analysis;Integrated Design Environment;Simulation;Visual Steering;Automatic Optimization},
doi={10.1109/TVCG.2014.2346744},
ISSN={2160-9306},
month={Dec},}

@inproceedings{Matkovic18,
author = {Matković, Kre\v{s}imir and Gra\v{c}anin, Denis and Hauser, Helwig},
title = {Visual Analytics for Simulation Ensembles},
year = {2018},
isbn = {978153866570},
publisher = {IEEE Press},
booktitle = {Proceedings of the 2018 Winter Simulation Conference},
pages = {321–335},
numpages = {15},
location = {Gothenburg, Sweden},
series = {WSC ’18}
}

  


@book{morse63,
  title={Morse Theory},
  author={Stein, E. and Milnor, J.W. and Spivak, M. and Wells, R. and Wells, R. and Mather, J.N.},
  isbn={9780691080086},
  lccn={lc63013729},
  series={Annals of mathematics studies},
  url={https://books.google.com/books?id=A9QZZ3S\_QxwC},
  year={1963},
  publisher={Princeton University Press}
}

@INPROCEEDINGS{Splechtna15,
author={R. {Splechtna} and K. {Matković} and D. {Gračanin} and M. {Jelović} and H. {Hauser}},
booktitle={2015 IEEE Conference on Visual Analytics Science and Technology (VAST)},
title={Interactive visual steering of hierarchical simulation ensembles},
year={2015},
volume={},
number={},
pages={89-96},
keywords={automobiles;data visualisation;digital simulation;engines;mechanical engineering computing;pattern clustering;valves;interactive visual steering;hierarchical simulation ensembles;multilevel simulation models;trial-and-error exploration process;hierarchical visual steering;dynamic simulation ensemble;multidimensional parameter space;interactive visual analysis;semiautomatic parameter space segmentation;clustering;concave hull computation;concave polygon overlapping;cross-ensemble parameter space mapping;abstract analysis tasks;variable valve actuation system;car engine;automotive industry;Analytical models;Computational modeling;Aerospace electronics;Visualization;Engines;Complex systems;Valves;Interactive Visual Analysis;Simulation-Ensemble Steering;Multi-resolution simulation},
doi={10.1109/VAST.2015.7347635},
ISSN={null},
month={Oct},}

@Article{Tibshirani92,
author="Tibshirani, Robert",
title="Principal curves revisited",
journal="Statistics and Computing",
year="1992",
month="Dec",
day="01",
volume="2",
number="4",
pages="183--190",
abstract="A principal curve (Hastie and Stuetzle, 1989) is a smooth curve passing through the `middle' of a distribution or data cloud, and is a generalization of linear principal components. We give an alternative definition of a principal curve, based on a mixture model. Estimation is carried out through an EM algorithm. Some comparisons are made to the Hastie-Stuetzle definition.",
issn="1573-1375",
doi="10.1007/BF01889678",
url="https://doi.org/10.1007/BF01889678"
}


@ARTICLE{Timo04,
author={P. -. {Bremer} and B. {Hamann} and H. {Edelsbrunner} and V. {Pascucci}},
journal={IEEE Transactions on Visualization and Computer Graphics},
title={A topological hierarchy for functions on triangulated surfaces},
year={2004},
volume={10},
number={4},
pages={385-396},
keywords={data structures;graph theory;computational geometry;surface fitting;mesh generation;topological hierarchy;triangulated surfaces;multiresolution data representation;Morse-Smale complex;hierarchical data structure;critical point theory;terrain data;mesh generation;Topology;Data structures;Spatial resolution;Approximation error;Focusing;Data mining;Runtime;Data visualization;Electrostatics;Critical point theory;Morse-Smale complex;terrain data;simplification;multiresolution data structure.;Algorithms;Computer Graphics;Image Enhancement;Image Interpretation, Computer-Assisted;Imaging, Three-Dimensional},
doi={10.1109/TVCG.2004.3},
ISSN={2160-9306},
month={July},}